
@article{YANG001,
    author    = "Ming-Hsuan Yang",
    title     = "Detecting Faces in Images: A Survey",
    journal   = "IEEE TRANSACTIONS ON PATTERN ANALYSIS AND MACHINE INTELLIGENCE",
    year      = "2002"
}
